2071 2785
115 110 340 168 cmv:
471 110 557 158 m
607 90 1124 158 APOSTOLORJ
1166 103 1401 156 Aen:
1607 119 1702 171 1253

113 218 269 252 uatum
286 201 340 251 iri
355 197 525 251 volunt
535 199 691 256 salute,
708 199 783 246 sed
798 199 849 246 &
873 211 1024 246 totum
1040 211 1187 262 genus
1210 195 1466 246 humanum
1481 206 1629 246 enam
1651 198 1685 246 si

112 285 208 317 non
223 269 492 334 praedicetur
508 265 924 328 Christus‚fide‹‘3ue
938 261 1322 330 apprehendatur,
1335 262 1454 310 nihil
1467 262 1551 310 nifi
1573 279 1680 327 per-

109 334 249 381 ditio.
274 335 432 396 observ.
451 335 638 379 Nomen
656 335 674 378 Ι
698 346 721 376 1².
746 348 765 378 s
778 346 825 385 v.
838 343 891 379 vt
904 330 962 378 est
978 331 1066 395 pijs
1080 328 1228 384 (naue,
1244 330 1293 376 &
1310 328 1526 383 amabile,
1540 328 1603 376 ita
1616 329 1680 380 est

107 397 264 461 impijs
281 397 481 446 maxime
497 396 701 451 exosum,
715 408 767 444 vt
781 395 838 442 de
851 394 948 443 illis
963 395 1156 459 impuris
1180 392 1406 457 spiritibus
1429 394 1601 457 legitur
1623 397 1678 444 in

108 464 239 510 Euan
246 463 556 528 gelio‚dicunt
568 461 683 516 lesu,
700 461 885 510 Recede
900 460 924 507 ‘a
937 461 1094 515 nobis,
1110 457 1340 523 Qorsurn
1354 459 1488 507 venis
1512 473 1564 507 vt
1587 476 1674 510 nos

108 525 336 592 affligeres
351 542 456 575 ante
470 540 670 590 tempus:
685 530 758 572 Ita
770 525 819 571 hi
834 523 1005 572 volunt
1019 523 1118 570 Iesu
1130 526 1322 569 Nomen
1332 524 1676 589 profligare,sed

105 591 363 653 aliquando
377 591 611 639 videbunt
634 605 739 636 eum
753 604 928 652 magno
945 604 1052 636 cum
1078 586 1259 640 dolore,
1274 603 1415 650 quem
1435 591 1678 638 transfixe-

104 659 372 710 runt52ech.1
384 673 426 704 2.
440 655 666 719 Dicentis,
679 668 862 702 montes
878 653 1028 702 cadite
1041 652 1169 717 super
1180 666 1285 706 nos,
1313 652 1362 698 δε
1377 653 1576 701 occulite
1589 672 1678 705 nos

104 720 241 767 abira
260 722 398 784 Agni.
430 737 468 769 2.
486 721 640 785 observ.
657 718 932 767 Mandatum
955 719 1206 782 impiorum
1222 730 1283 763 ex·
1303 715 1532 767 diametro
1556 736 1679 785 pug-

103 797 187 830 nat
199 801 302 832 cum
319 787 542 832 mandato
559 785 668 842 Dei,
682 799 734 833 vt
751 787 1132 838 Nabuchadnezaris,
1149 781 1359 845 Dan.3.de
1374 783 1614 831 adorando
1630 791 1676 832 l-

103 847 240 904 dolo,
253 852 327 897 cui
343 866 440 897 non
455 850 832 914 obtemperauere
846 863 934 898 tres
949 849 1022 896 illi
1038 851 1165 912 pueri
1186 849 1234 894 in
1250 847 1486 897 fornacem
1512 850 1677 898 conie-

104 914 182 968 eci,
197 913 270 960 sed
285 914 386 962 sunt
401 915 631 967 divinitus
643 914 787 963 illaefi.
814 915 1033 978 Illudquc
1057 920 1167 975 Darq
1179 921 1285 960 Dan.
1301 916 1430 960 6.De
1444 931 1540 962 non
1558 915 1674 963 faci-

102 977 225 1026 enda
237 981 463 1043 petitione
476 979 534 1027 ad
552 998 626 1045 30.
639 980 739 1027 dies
754 979 783 1025 fi
797 995 894 1026 non
912 978 1051 1043 Regi,
1068 980 1142 1025 cui
1155 978 1332 1024 Daniel
1346 980 1522 1036 restitit,
1539 986 1581 1031 &
1598 994 1671 1045 ty·-

102 1058 355 1092 rannorum
371 1046 601 1101 omnium,
625 1062 723 1108 quae
737 1058 902 1092 contra
913 1046 1007 1090 Dei
1022 1043 1221 1107 gloriam
1237 1044 1606 1108 promulgantur.

106 1125 149 1171 3.
164 1109 397 1172 observatio.
411 1113 678 1157 Dimittuntur.
695 1123 805 1172 ergo
820 1110 1004 1172 piorum
1020 1106 1296 1157 affliffiones
1320 1124 1418 1155 non
1433 1109 1534 1157 sunt
1554 1111 1673 1158 sem-

103 1173 301 1236 piternae‚
319 1176 414 1236 Psael·
428 1193 444 1221 1
456 1190 534 1238 25.
548 1176 596 1220 &
618 1190 692 1237 34.
722 1176 866 1238 Virga
878 1172 1197 1237 improborum
1213 1187 1310 1219 non
1323 1174 1563 1222 incubabit
1574 1191 1676 1240 per-

102 1250 244 1301 petuo
257 1241 362 1303 pijs,
380 1255 438 1285 ne
453 1251 787 1288 convertantur
798 1237 855 1283 ad
868 1238 1172 1300 impietatem,
1186 1237 1261 1284 sed
1278 1238 1371 1284 Dei
1384 1255 1548 1287 manus
1559 1239 1675 1288 sem-

6 1336 23 1340 -
101 1317 185 1366 per
197 1303 254 1351 est
270 1317 455 1351 extenta
478 1305 528 1350 in
545 1302 782 1367 reprobos,
798 1301 879 1365 qui
903 1301 977 1349 hic
1004 1304 1261 1366 puniuntur
1271 1303 1536 1366 poenaliter,
1553 1318 1602 1353 vt
1614 1306 1673 1355 fic

103 1367 272 1424 dicam,
289 1380 340 1415 vt
352 1369 450 1431 post
465 1366 719 1432 puniantur
731 1366 1018 1420 aeternaliter,
1032 1367 1423 1432 proptere22quod
1435 1370 1486 1417 in
1505 1385 1675 1435 pecca-

102 1432 160 1479 tis
176 1433 450 1487 moriuntur,
465 1432 549 1496 qui
561 1431 639 1480 etfi
655 1433 705 1479 in
720 1445 941 1480 aeternum
955 1433 1184 1488 viverent,
1199 1431 1372 1498 semper
1382 1449 1640 1498 peccarent.

104 1496 196 1544 Sed
210 1497 324 1560 quid
337 1497 512 1545 faciunt
524 1497 683 1561 Aposts
707 1500 902 1546 Gaudent.
926 1497 1084 1560 observ.
1097 1499 1386 1563 Ignominia,
1403 1501 1451 1547 δε
1464 1515 1575 1548 crux
1587 1516 1674 1564 pro

110 1562 294 1609 Christo
309 1563 427 1624 parit
440 1563 662 1626 gaudium
676 1562 923 1627 spirituale.
948 1567 1090 1625 Qaeft.
1102 1579 1159 1609 an
1175 1563 1277 1609 sunt
1299 1563 1438 1610 instar
1461 1569 1674 1614 Stoicorum

103 1625 411 1689 quihomines
427 1624 513 1673 effe
539 1627 711 1684 yolunt
726 1630 919 1683 ἄπαθεις.
944 1631 1045 1692 Resp.
1073 1627 1276 1677 Minime
1301 1628 1431 1676 vero.
1449 1630 1575 1678 Cum
1602 1646 1672 1680 12.

67 1702 71 1705 “
103 1694 202 1739 Heb.
221 1690 443 1740 habeatur
455 1691 636 1740 nullam
650 1692 1000 1758 castigationem
1025 1691 1426 1758 impraesentiarum
1439 1693 1591 1743 videri
1602 1696 1672 1743 af-

97 1755 212 1803 ferre
229 1755 465 1820 gaudium.
498 1758 863 1822 Apost.gaudent
877 1758 1073 1821 (tametsi
1098 1774 1195 1805 non
1222 1759 1456 1805 amiserint
1477 1775 1673 1808 omnem

101 1820 272 1867 sensum
290 1820 562 1886 pastionum,
580 1824 629 1870 &
645 1824 863 1887 dolores)
893 1823 1022 1886 quod
1040 1822 1176 1885 digni
1202 1821 1292 1869 sint
1309 1823 1563 1888 habitipati
1586 1840 1670 1888 pro

104 1886 290 1933 Christo
309 1902 321 1931 ε
337 1884 393 1932 Id
407 1887 534 1950 quod
548 1889 783 1935 Dominus
807 1904 891 1952 pro
916 1886 993 1936 sua
1017 1886 1267 1934 clementia
1291 1903 1455 1935 eorum·
1472 1891 1671 1952 peccatis

103 1949 311 1999 debitum
326 1952 660 1999 conuerteritin
676 1951 925 2015 pastionem
939 1951 1230 2015 pronomine
1249 1952 1506 1999 Christi.Ac
1517 1953 1549 2000 fi
1564 1958 1669 2001 Rex

103 2015 360 2080 ignosceret
375 2015 561 2072 latroni,
576 2017 771 2079 eumque
787 2017 834 2063 in
850 2016 948 2063 acie
964 2014 1258 2063 constitueret
1280 2015 1339 2064 ad
1367 2017 1666 2068 defendendi}

104 2080 364 2145 imperium:
375 2080 484 2128 hinc
496 2081 644 2145 liquet
657 2079 935 2144 dignitatem
952 2079 1038 2128 effe
1061 2082 1161 2144 pat-i
1174 2083 1291 2142 fcum
1304 2083 1505 2138 Christo,
1522 2086 1569 2131 δε
1584 2101 1668 2149 pro

108 2145 303 2202 Christo,
319 2144 558 2211 praesertim
571 2146 677 2193 cum
692 2149 834 2194 Deus,
846 2152 982 2194 Pater
1007 2145 1243 2194 nobiscum
1271 2148 1482 2210 patiatur,
1500 2150 1578 2215 Isa.
1593 2156 1618 2198 6
1626 2170 1663 2213 3.

106 2210 258 2273 &ipse
275 2211 478 2260 Christus
493 2217 622 2273 ML9.
638 2211 749 2259 Saul
765 2212 878 2275 quid
891 2227 965 2259 me
981 2211 1278 2275 persequeris?
1292 2215 1374 2259 Col.
1392 2232 1428 2261 1.
1447 2231 1522 2274 24.
1545 2217 1666 2277 Sup-

106 2272 324 2338 pleoquae
338 2278 637 2332 deerant,&c.
651 2276 928 2341 Spiritusque
941 2276 1152 2330 Sanetus,
1170 2286 1415 2339 1.Pet.4.14.
1442 2283 1668 2341 Fungun-

109 2350 182 2385 tur
198 2341 404 2402 Apostoli
414 2342 489 2390 suo
505 2357 692 2390 munere
706 2341 909 2408 publice,
922 2343 1246 2408 privatimt'Jue.
1262 2345 1416 2408 observ.
1434 2341 1665 2390 Afflictio-

108 2419 190 2450 nes
207 2420 301 2451 non
318 2406 533 2455 minuunt
544 2409 728 2456 animos
740 2407 972 2456 seruorum
987 2407 1255 2462 Christi‚sed
1270 2421 1456 2472 augent:
1469 2407 1665 2472 proinde

110 2484 199 2516 nos
215 2469 414 2519 Pastores
428 2472 592 2520 horum
609 2473 842 2539 exemplo,
859 2473 964 2523 cum
989 2472 1204 2537 periculis
1228 2474 1488 2530 eximimur,
1504 2472 1662 2519 officio

108 2535 243 2586 nobis
258 2534 497 2586 commisso
527 2537 836 2605 defungamur
858 2539 1018 2604 probe,
1038 2554 1224 2589 crucem
1248 2539 1474 2603 patienter
1496 2537 1662 2585 tolere-

1147 2609 1243 2687 Q
1547 2617 1664 2655 m
